%% This BibTeX bibliography file was created using BibDesk.
%% http://bibdesk.sourceforge.net/

%% Created for Til Blechschmidt at 2018-03-06 18:42:57 +0100 


%% Saved with string encoding Unicode (UTF-8) 



@article{demographicDistributionKnowledge,
	Author = {{\"O}sterreichische Computer Gesellschaft},
	Date-Added = {2018-03-06 17:39:17 +0000},
	Date-Modified = {2018-03-06 17:42:42 +0000},
	Month = {02},
	Pages = {10},
	Title = {Computerkenntnisse der {\"O}sterreicherInnen},
	Urldate = {06.03.18},
	Year = {2014},
	Bdsk-Url-1 = {http://www.ocg.at/sites/ocg.at/files/medien/pdfs/OCG_Computerkenntnisse_OesterreicherInnen_PK_Praesentation_03_2014_FINAL.pdf}}

@url{wikimedia:download,
	Date-Added = {2018-02-26 19:08:00 +0000},
	Date-Modified = {2018-02-26 19:08:00 +0000},
	Howpublished = {\url{https://www.mediawiki.org/wiki/Download}},
	Note = {[Online; letzter Zugriff 26.02.1018]},
	Title = {Wikimedia Download},
	Bdsk-Url-1 = {https://www.mediawiki.org/wiki/Download}}

@url{apple:oss,
	Date-Added = {2018-02-26 19:05:49 +0000},
	Date-Modified = {2018-02-26 19:08:18 +0000},
	Howpublished = {\url{https://developer.apple.com/opensource/}},
	Note = {[Online; letzter Zugriff 26.02.1018]},
	Title = {Apple: Open Source},
	Bdsk-Url-1 = {https://developer.apple.com/opensource/}}

@url{chromium:homepage,
	Date-Added = {2018-02-26 19:04:10 +0000},
	Date-Modified = {2018-02-26 19:06:03 +0000},
	Howpublished = {\url{https://www.chromium.org}},
	Note = {[Online; letzter Zugriff 26.02.1018]},
	Title = {The Chromium Projects},
	Bdsk-Url-1 = {https://www.chromium.org}}

@url{thunderbird:faq,
	Date-Added = {2018-02-26 18:56:58 +0000},
	Date-Modified = {2018-02-26 19:25:24 +0000},
	Howpublished = {\url{https://support.mozilla.org/en-US/kb/thunderbird-faq}},
	Note = {[Online; letzter Zugriff 26.02.1018]},
	Title = {Thunderbird FAQ},
	Bdsk-Url-1 = {https://support.mozilla.org/en-US/kb/thunderbird-faq}}

@article{oss:lotus-to-linux,
	Author = {Kapor, Mitch},
	Date-Added = {2018-01-24 22:27:13 +0000},
	Date-Modified = {2018-01-24 22:29:13 +0000},
	Journal = {eWeek},
	Keywords = {OSS, Open Source},
	Month = {07},
	Number = {29},
	Pages = {33},
	Title = {From Lotus to Linux},
	Volume = {20},
	Year = {2003},
	Bdsk-File-1 = {YnBsaXN0MDDUAQIDBAUGJCVYJHZlcnNpb25YJG9iamVjdHNZJGFyY2hpdmVyVCR0b3ASAAGGoKgHCBMUFRYaIVUkbnVsbNMJCgsMDxJXTlMua2V5c1pOUy5vYmplY3RzViRjbGFzc6INDoACgAOiEBGABIAFgAdccmVsYXRpdmVQYXRoWWFsaWFzRGF0YV8QIC4uL0JpYmxpb2dyYXBoeS9Mb3R1c1RvTGludXgucGRm0hcLGBlXTlMuZGF0YU8RAaAAAAAAAaAAAgAADE1hY2ludG9zaCBIRAAAAAAAAAAAAAAAAAAAAAAAAABCRAAB/////xBMb3R1c1RvTGludXgucGRmAAAAAAAAAAAAAAAAAAAAAAAAAAAAAAAAAAAAAAAAAAAAAAAAAAAAAAAAAAAAAAD/////AAAAAAAAAAAAAAAAAAEAAgAACiBjdQAAAAAAAAAAAAAAAAAMQmlibGlvZ3JhcGh5AAIATy86VXNlcnM6dGhlbWVnYXRiOlByb2plY3RzOlN0dWRpZXM6T3BlblNvdXJjZTpzcmM6QmlibGlvZ3JhcGh5OkxvdHVzVG9MaW51eC5wZGYAAA4AIgAQAEwAbwB0AHUAcwBUAG8ATABpAG4AdQB4AC4AcABkAGYADwAaAAwATQBhAGMAaQBuAHQAbwBzAGgAIABIAEQAEgBNVXNlcnMvdGhlbWVnYXRiL1Byb2plY3RzL1N0dWRpZXMvT3BlblNvdXJjZS9zcmMvQmlibGlvZ3JhcGh5L0xvdHVzVG9MaW51eC5wZGYAABMAAS8AABUAAgAQ//8AAIAG0hscHR5aJGNsYXNzbmFtZVgkY2xhc3Nlc11OU011dGFibGVEYXRhox0fIFZOU0RhdGFYTlNPYmplY3TSGxwiI1xOU0RpY3Rpb25hcnmiIiBfEA9OU0tleWVkQXJjaGl2ZXLRJidUcm9vdIABAAgAEQAaACMALQAyADcAQABGAE0AVQBgAGcAagBsAG4AcQBzAHUAdwCEAI4AsQC2AL4CYgJkAmkCdAJ9AosCjwKWAp8CpAKxArQCxgLJAs4AAAAAAAACAQAAAAAAAAAoAAAAAAAAAAAAAAAAAAAC0A==}}

@article{oss:no-longer-optional,
	Author = {Anthes, Gary},
	Date-Added = {2018-01-24 17:21:52 +0000},
	Date-Modified = {2018-01-24 17:23:28 +0000},
	Journal = {Communications of the ACM},
	Keywords = {OSS, Open Source},
	Month = {08},
	Number = {8},
	Pages = {15 -- 18},
	Title = {Open Source Software No Longer Optional},
	Volume = {59},
	Year = {2016},
	Bdsk-File-1 = {YnBsaXN0MDDUAQIDBAUGJCVYJHZlcnNpb25YJG9iamVjdHNZJGFyY2hpdmVyVCR0b3ASAAGGoKgHCBMUFRYaIVUkbnVsbNMJCgsMDxJXTlMua2V5c1pOUy5vYmplY3RzViRjbGFzc6INDoACgAOiEBGABIAFgAdccmVsYXRpdmVQYXRoWWFsaWFzRGF0YV8QKi4uL0JpYmxpb2dyYXBoeS9PU1MtTm8gTG9uZ2VyIE9wdGlvbmFsLnBkZtIXCxgZV05TLmRhdGFPEQHIAAAAAAHIAAIAAAxNYWNpbnRvc2ggSEQAAAAAAAAAAAAAAAAAAAAAAAAAQkQAAf////8aT1NTLU5vIExvbmdlciBPcHRpb25hbC5wZGYAAAAAAAAAAAAAAAAAAAAAAAAAAAAAAAAAAAAAAAAAAAAAAAAA/////wAAAAAAAAAAAAAAAAABAAIAAAogY3UAAAAAAAAAAAAAAAAADEJpYmxpb2dyYXBoeQACAFkvOlVzZXJzOnRoZW1lZ2F0YjpQcm9qZWN0czpTdHVkaWVzOk9wZW5Tb3VyY2U6c3JjOkJpYmxpb2dyYXBoeTpPU1MtTm8gTG9uZ2VyIE9wdGlvbmFsLnBkZgAADgA2ABoATwBTAFMALQBOAG8AIABMAG8AbgBnAGUAcgAgAE8AcAB0AGkAbwBuAGEAbAAuAHAAZABmAA8AGgAMAE0AYQBjAGkAbgB0AG8AcwBoACAASABEABIAV1VzZXJzL3RoZW1lZ2F0Yi9Qcm9qZWN0cy9TdHVkaWVzL09wZW5Tb3VyY2Uvc3JjL0JpYmxpb2dyYXBoeS9PU1MtTm8gTG9uZ2VyIE9wdGlvbmFsLnBkZgAAEwABLwAAFQACABD//wAAgAbSGxwdHlokY2xhc3NuYW1lWCRjbGFzc2VzXU5TTXV0YWJsZURhdGGjHR8gVk5TRGF0YVhOU09iamVjdNIbHCIjXE5TRGljdGlvbmFyeaIiIF8QD05TS2V5ZWRBcmNoaXZlctEmJ1Ryb290gAEACAARABoAIwAtADIANwBAAEYATQBVAGAAZwBqAGwAbgBxAHMAdQB3AIQAjgC7AMAAyAKUApYCmwKmAq8CvQLBAsgC0QLWAuMC5gL4AvsDAAAAAAAAAAIBAAAAAAAAACgAAAAAAAAAAAAAAAAAAAMC}}

@article{is:open:source:right:for:you,
	Annote = {The media often present open source software as a direct competitor to commercial software. This depiction, usually pitting David (Linux) against Goliath (Microsoft), makes for fun reading in the weekend paper. However, it mostly misses the point of what open source means to a development organization. In this article, I use the experiences of GizmoSoft (a fictitious software company) to present some perspectives on the impact of open source software usage in a software development shop.},
	Author = {David Ascher},
	Date-Added = {2018-01-24 16:51:36 +0000},
	Date-Modified = {2018-01-24 16:53:36 +0000},
	Journal = {Queue - Open Source},
	Month = {05},
	Number = {3},
	Title = {Is Open Source Right for You?: A Fictional Case Study of Open Source in a Commercial Software Shop},
	Volume = {2},
	Year = {2004},
	Bdsk-File-1 = {YnBsaXN0MDDUAQIDBAUGJCVYJHZlcnNpb25YJG9iamVjdHNZJGFyY2hpdmVyVCR0b3ASAAGGoKgHCBMUFRYaIVUkbnVsbNMJCgsMDxJXTlMua2V5c1pOUy5vYmplY3RzViRjbGFzc6INDoACgAOiEBGABIAFgAdccmVsYXRpdmVQYXRoWWFsaWFzRGF0YV8QGi4uL0JpYmxpb2dyYXBoeS9hc2NoZXIucGRm0hcLGBlXTlMuZGF0YU8RAYgAAAAAAYgAAgAADE1hY2ludG9zaCBIRAAAAAAAAAAAAAAAAAAAAAAAAABCRAAB/////wphc2NoZXIucGRmAAAAAAAAAAAAAAAAAAAAAAAAAAAAAAAAAAAAAAAAAAAAAAAAAAAAAAAAAAAAAAAAAAAAAAD/////AAAAAAAAAAAAAAAAAAEAAgAACiBjdQAAAAAAAAAAAAAAAAAMQmlibGlvZ3JhcGh5AAIASS86VXNlcnM6dGhlbWVnYXRiOlByb2plY3RzOlN0dWRpZXM6T3BlblNvdXJjZTpzcmM6QmlibGlvZ3JhcGh5OmFzY2hlci5wZGYAAA4AFgAKAGEAcwBjAGgAZQByAC4AcABkAGYADwAaAAwATQBhAGMAaQBuAHQAbwBzAGgAIABIAEQAEgBHVXNlcnMvdGhlbWVnYXRiL1Byb2plY3RzL1N0dWRpZXMvT3BlblNvdXJjZS9zcmMvQmlibGlvZ3JhcGh5L2FzY2hlci5wZGYAABMAAS8AABUAAgAQ//8AAIAG0hscHR5aJGNsYXNzbmFtZVgkY2xhc3Nlc11OU011dGFibGVEYXRhox0fIFZOU0RhdGFYTlNPYmplY3TSGxwiI1xOU0RpY3Rpb25hcnmiIiBfEA9OU0tleWVkQXJjaGl2ZXLRJidUcm9vdIABAAgAEQAaACMALQAyADcAQABGAE0AVQBgAGcAagBsAG4AcQBzAHUAdwCEAI4AqwCwALgCRAJGAksCVgJfAm0CcQJ4AoEChgKTApYCqAKrArAAAAAAAAACAQAAAAAAAAAoAAAAAAAAAAAAAAAAAAACsg==}}

@article{oss:perception-adoption,
	Author = {Morgan, Lorraine and Finnegan, Patrick},
	Date-Added = {2018-01-23 14:47:24 +0000},
	Date-Modified = {2018-01-23 14:52:06 +0000},
	Institution = {University of Limerick},
	Journal = {15th European Conference on Information Systems},
	Keywords = {OSS, Open Source},
	Month = {06},
	Pages = {973 -- 984},
	Title = {HOW PERCEPTIONS OF OPEN SOURCE SOFTWARE INFLUENCE ADOPTION: AN EXPLORATORY STUDY},
	Year = {2007},
	Bdsk-File-1 = {YnBsaXN0MDDUAQIDBAUGJCVYJHZlcnNpb25YJG9iamVjdHNZJGFyY2hpdmVyVCR0b3ASAAGGoKgHCBMUFRYaIVUkbnVsbNMJCgsMDxJXTlMua2V5c1pOUy5vYmplY3RzViRjbGFzc6INDoACgAOiEBGABIAFgAdccmVsYXRpdmVQYXRoWWFsaWFzRGF0YV8QHy4uL0JpYmxpb2dyYXBoeS8yMDA3X01vcmdhbi5wZGbSFwsYGVdOUy5kYXRhTxEBmgAAAAABmgACAAAMTWFjaW50b3NoIEhEAAAAAAAAAAAAAAAAAAAAAAAAAEJEAAH/////DzIwMDdfTW9yZ2FuLnBkZgAAAAAAAAAAAAAAAAAAAAAAAAAAAAAAAAAAAAAAAAAAAAAAAAAAAAAAAAAAAAAAAP////8AAAAAAAAAAAAAAAAAAQACAAAKIGN1AAAAAAAAAAAAAAAAAAxCaWJsaW9ncmFwaHkAAgBOLzpVc2Vyczp0aGVtZWdhdGI6UHJvamVjdHM6U3R1ZGllczpPcGVuU291cmNlOnNyYzpCaWJsaW9ncmFwaHk6MjAwN19Nb3JnYW4ucGRmAA4AIAAPADIAMAAwADcAXwBNAG8AcgBnAGEAbgAuAHAAZABmAA8AGgAMAE0AYQBjAGkAbgB0AG8AcwBoACAASABEABIATFVzZXJzL3RoZW1lZ2F0Yi9Qcm9qZWN0cy9TdHVkaWVzL09wZW5Tb3VyY2Uvc3JjL0JpYmxpb2dyYXBoeS8yMDA3X01vcmdhbi5wZGYAEwABLwAAFQACABD//wAAgAbSGxwdHlokY2xhc3NuYW1lWCRjbGFzc2VzXU5TTXV0YWJsZURhdGGjHR8gVk5TRGF0YVhOU09iamVjdNIbHCIjXE5TRGljdGlvbmFyeaIiIF8QD05TS2V5ZWRBcmNoaXZlctEmJ1Ryb290gAEACAARABoAIwAtADIANwBAAEYATQBVAGAAZwBqAGwAbgBxAHMAdQB3AIQAjgCwALUAvQJbAl0CYgJtAnYChAKIAo8CmAKdAqoCrQK/AsICxwAAAAAAAAIBAAAAAAAAACgAAAAAAAAAAAAAAAAAAALJ}}

@techreport{report:BaselineScenario,
	Annote = {Revenue-type breakdown World (million EUR)

World	2008	2009	2010	2011	2012	2013	2014	2015	2016	2017	201820192020
License & Maintenance	378	533	781	1017	1275	1573	1864	2146	2397	2587	2703	2782	2852
Associated IT Services	7546	11075	16416	21625	27441	33350	38958	44194	48624	51705	53226	53963	54473},
	Author = {Frederic Giron and Mathieu Poujol and et al.},
	Date-Added = {2018-01-23 11:09:27 +0000},
	Date-Modified = {2018-01-24 16:22:46 +0000},
	Institution = {Pierre Audoin Consultants SAS},
	Month = {01},
	Pages = {160 -- 170},
	Title = {D3 -- Baseline Scenario for 2020},
	Year = {2010},
	Bdsk-File-1 = {YnBsaXN0MDDUAQIDBAUGJCVYJHZlcnNpb25YJG9iamVjdHNZJGFyY2hpdmVyVCR0b3ASAAGGoKgHCBMUFRYaIVUkbnVsbNMJCgsMDxJXTlMua2V5c1pOUy5vYmplY3RzViRjbGFzc6INDoACgAOiEBGABIAFgAdccmVsYXRpdmVQYXRoWWFsaWFzRGF0YV8QLS4uL0JpYmxpb2dyYXBoeS9kM2Jhc2VsaW5lc2NlbmFyaW9mb3IyMDIwLnBkZtIXCxgZV05TLmRhdGFPEQHSAAAAAAHSAAIAAAxNYWNpbnRvc2ggSEQAAAAAAAAAAAAAAAAAAAAAAAAAQkQAAf////8dZDNiYXNlbGluZXNjZW5hcmlvZm9yMjAyMC5wZGYAAAAAAAAAAAAAAAAAAAAAAAAAAAAAAAAAAAAAAAAAAAAA/////wAAAAAAAAAAAAAAAAABAAIAAAogY3UAAAAAAAAAAAAAAAAADEJpYmxpb2dyYXBoeQACAFwvOlVzZXJzOnRoZW1lZ2F0YjpQcm9qZWN0czpTdHVkaWVzOk9wZW5Tb3VyY2U6c3JjOkJpYmxpb2dyYXBoeTpkM2Jhc2VsaW5lc2NlbmFyaW9mb3IyMDIwLnBkZgAOADwAHQBkADMAYgBhAHMAZQBsAGkAbgBlAHMAYwBlAG4AYQByAGkAbwBmAG8AcgAyADAAMgAwAC4AcABkAGYADwAaAAwATQBhAGMAaQBuAHQAbwBzAGgAIABIAEQAEgBaVXNlcnMvdGhlbWVnYXRiL1Byb2plY3RzL1N0dWRpZXMvT3BlblNvdXJjZS9zcmMvQmlibGlvZ3JhcGh5L2QzYmFzZWxpbmVzY2VuYXJpb2ZvcjIwMjAucGRmABMAAS8AABUAAgAQ//8AAIAG0hscHR5aJGNsYXNzbmFtZVgkY2xhc3Nlc11OU011dGFibGVEYXRhox0fIFZOU0RhdGFYTlNPYmplY3TSGxwiI1xOU0RpY3Rpb25hcnmiIiBfEA9OU0tleWVkQXJjaGl2ZXLRJidUcm9vdIABAAgAEQAaACMALQAyADcAQABGAE0AVQBgAGcAagBsAG4AcQBzAHUAdwCEAI4AvgDDAMsCoQKjAqgCswK8AsoCzgLVAt4C4wLwAvMDBQMIAw0AAAAAAAACAQAAAAAAAAAoAAAAAAAAAAAAAAAAAAADDw==}}

@article{BAHAMDAIN2015459,
	Author = {Salem S. Bahamdain},
	Date-Added = {2018-01-17 18:00:25 +0000},
	Date-Modified = {2018-01-23 11:09:19 +0000},
	Doi = {https://doi.org/10.1016/j.procs.2015.07.236},
	Issn = {1877-0509},
	Journal = {Procedia Computer Science},
	Keywords = {OSS, Open Source, Quality Assurance, Open Source Development Model, OSSD},
	Note = {The 10th International Conference on Future Networks and Communications (FNC 2015) / The 12th International Conference on Mobile Systems and Pervasive Computing (MobiSPC 2015) Affiliated Workshops},
	Pages = {459 - 464},
	Rating = {0},
	Read = {0},
	Title = {Open Source Software (OSS) Quality Assurance: A Survey Paper},
	Url = {http://www.sciencedirect.com/science/article/pii/S1877050915017172},
	Volume = {56},
	Year = {2015},
	Bdsk-File-1 = {YnBsaXN0MDDUAQIDBAUGJCVYJHZlcnNpb25YJG9iamVjdHNZJGFyY2hpdmVyVCR0b3ASAAGGoKgHCBMUFRYaIVUkbnVsbNMJCgsMDxJXTlMua2V5c1pOUy5vYmplY3RzViRjbGFzc6INDoACgAOiEBGABIAFgAdccmVsYXRpdmVQYXRoWWFsaWFzRGF0YV8QNi4uL0JpYmxpb2dyYXBoeS9PcGVuU291cmNlU29mdHdhcmVRdWFsaXR5QXNzdXJhbmNlLnBkZtIXCxgZV05TLmRhdGFPEQH4AAAAAAH4AAIAAAxNYWNpbnRvc2ggSEQAAAAAAAAAAAAAAAAAAAAAAAAAQkQAAf////8fT3BlblNvdXJjZVNvZnR3YXJlI0ZGRkZGRkZGLnBkZgAAAAAAAAAAAAAAAAAAAAAAAAAAAAAAAAAAAAAAAAAA/////wAAAAAAAAAAAAAAAAABAAIAAAogY3UAAAAAAAAAAAAAAAAADEJpYmxpb2dyYXBoeQACAGUvOlVzZXJzOnRoZW1lZ2F0YjpQcm9qZWN0czpTdHVkaWVzOk9wZW5Tb3VyY2U6c3JjOkJpYmxpb2dyYXBoeTpPcGVuU291cmNlU29mdHdhcmVRdWFsaXR5QXNzdXJhbmNlLnBkZgAADgBOACYATwBwAGUAbgBTAG8AdQByAGMAZQBTAG8AZgB0AHcAYQByAGUAUQB1AGEAbABpAHQAeQBBAHMAcwB1AHIAYQBuAGMAZQAuAHAAZABmAA8AGgAMAE0AYQBjAGkAbgB0AG8AcwBoACAASABEABIAY1VzZXJzL3RoZW1lZ2F0Yi9Qcm9qZWN0cy9TdHVkaWVzL09wZW5Tb3VyY2Uvc3JjL0JpYmxpb2dyYXBoeS9PcGVuU291cmNlU29mdHdhcmVRdWFsaXR5QXNzdXJhbmNlLnBkZgAAEwABLwAAFQACABD//wAAgAbSGxwdHlokY2xhc3NuYW1lWCRjbGFzc2VzXU5TTXV0YWJsZURhdGGjHR8gVk5TRGF0YVhOU09iamVjdNIbHCIjXE5TRGljdGlvbmFyeaIiIF8QD05TS2V5ZWRBcmNoaXZlctEmJ1Ryb290gAEACAARABoAIwAtADIANwBAAEYATQBVAGAAZwBqAGwAbgBxAHMAdQB3AIQAjgDHAMwA1ALQAtIC1wLiAusC+QL9AwQDDQMSAx8DIgM0AzcDPAAAAAAAAAIBAAAAAAAAACgAAAAAAAAAAAAAAAAAAAM+},
	Bdsk-Url-1 = {http://www.sciencedirect.com/science/article/pii/S1877050915017172},
	Bdsk-Url-2 = {https://doi.org/10.1016/j.procs.2015.07.236}}

@techreport{oss:studie,
	Annote = {Seite 10:

Top 8 Anwendungsgebiete von von OSS in Organisationen:

- Web Server
- Programmiersprachen
- Datenbanken
- Server Betriebssysteme
- CMS
- Application Server
- Security
- Software Componenten

7 der Anwendungsgebiete stellen direkt eine Grundlage f{\"u}r die Produkte f{\"u}r den Enduser dar.},
	Author = {Dr. St{\"u}rmer, Matthias and et al.},
	Date-Added = {2018-01-17 17:42:30 +0000},
	Date-Modified = {2018-01-23 12:33:52 +0000},
	Institution = {Forschungsstelle Digitale Nachhaltigkeit Institut f{\"u}r Wirtschaftsinformatik},
	Keywords = {OSS, Open Source},
	Title = {Open Source Studie Schweiz 2015},
	Year = {2015},
	Bdsk-File-1 = {YnBsaXN0MDDUAQIDBAUGJCVYJHZlcnNpb25YJG9iamVjdHNZJGFyY2hpdmVyVCR0b3ASAAGGoKgHCBMUFRYaIVUkbnVsbNMJCgsMDxJXTlMua2V5c1pOUy5vYmplY3RzViRjbGFzc6INDoACgAOiEBGABIAFgAdccmVsYXRpdmVQYXRoWWFsaWFzRGF0YV8QIi4uL0JpYmxpb2dyYXBoeS9PU1MtU3R1ZGllMjAxNS5wZGbSFwsYGVdOUy5kYXRhTxEBqAAAAAABqAACAAAMTWFjaW50b3NoIEhEAAAAAAAAAAAAAAAAAAAAAAAAAEJEAAH/////Ek9TUy1TdHVkaWUyMDE1LnBkZgAAAAAAAAAAAAAAAAAAAAAAAAAAAAAAAAAAAAAAAAAAAAAAAAAAAAAAAAAAAP////8AAAAAAAAAAAAAAAAAAQACAAAKIGN1AAAAAAAAAAAAAAAAAAxCaWJsaW9ncmFwaHkAAgBRLzpVc2Vyczp0aGVtZWdhdGI6UHJvamVjdHM6U3R1ZGllczpPcGVuU291cmNlOnNyYzpCaWJsaW9ncmFwaHk6T1NTLVN0dWRpZTIwMTUucGRmAAAOACYAEgBPAFMAUwAtAFMAdAB1AGQAaQBlADIAMAAxADUALgBwAGQAZgAPABoADABNAGEAYwBpAG4AdABvAHMAaAAgAEgARAASAE9Vc2Vycy90aGVtZWdhdGIvUHJvamVjdHMvU3R1ZGllcy9PcGVuU291cmNlL3NyYy9CaWJsaW9ncmFwaHkvT1NTLVN0dWRpZTIwMTUucGRmAAATAAEvAAAVAAIAEP//AACABtIbHB0eWiRjbGFzc25hbWVYJGNsYXNzZXNdTlNNdXRhYmxlRGF0YaMdHyBWTlNEYXRhWE5TT2JqZWN00hscIiNcTlNEaWN0aW9uYXJ5oiIgXxAPTlNLZXllZEFyY2hpdmVy0SYnVHJvb3SAAQAIABEAGgAjAC0AMgA3AEAARgBNAFUAYABnAGoAbABuAHEAcwB1AHcAhACOALMAuADAAmwCbgJzAn4ChwKVApkCoAKpAq4CuwK+AtAC0wLYAAAAAAAAAgEAAAAAAAAAKAAAAAAAAAAAAAAAAAAAAto=}}

@comment{BibDesk Smart Groups{
<?xml version="1.0" encoding="UTF-8"?>
<!DOCTYPE plist PUBLIC "-//Apple//DTD PLIST 1.0//EN" "http://www.apple.com/DTDs/PropertyList-1.0.dtd">
<plist version="1.0">
<array>
	<dict>
		<key>conditions</key>
		<array>
			<dict>
				<key>comparison</key>
				<integer>4</integer>
				<key>key</key>
				<string>Abstract</string>
				<key>value</key>
				<string></string>
				<key>version</key>
				<string>1</string>
			</dict>
		</array>
		<key>conjunction</key>
		<integer>0</integer>
		<key>group name</key>
		<string>Missing Abstract</string>
	</dict>
</array>
</plist>
}}
