%% This BibTeX bibliography file was created using BibDesk.
%% http://bibdesk.sourceforge.net/

%% Created for Noah Peeters at 2018-01-17 19:05:42 +0100 


%% Saved with string encoding Unicode (UTF-8) 



@article{BAHAMDAIN2015459,
	Author = {Salem S. Bahamdain},
	Date-Added = {2018-01-17 18:00:25 +0000},
	Date-Modified = {2018-01-17 18:00:25 +0000},
	Doi = {https://doi.org/10.1016/j.procs.2015.07.236},
	Issn = {1877-0509},
	Journal = {Procedia Computer Science},
	Keywords = {OSS, Open Source, Quality Assurance, Open Source Development Model, OSSD},
	Note = {The 10th International Conference on Future Networks and Communications (FNC 2015) / The 12th International Conference on Mobile Systems and Pervasive Computing (MobiSPC 2015) Affiliated Workshops},
	Pages = {459 - 464},
	Title = {Open Source Software (OSS) Quality Assurance: A Survey Paper},
	Url = {http://www.sciencedirect.com/science/article/pii/S1877050915017172},
	Volume = {56},
	Year = {2015},
	Bdsk-Url-1 = {http://www.sciencedirect.com/science/article/pii/S1877050915017172},
	Bdsk-Url-2 = {https://doi.org/10.1016/j.procs.2015.07.236},
	Bdsk-File-1 = {YnBsaXN0MDDUAQIDBAUGJCVYJHZlcnNpb25YJG9iamVjdHNZJGFyY2hpdmVyVCR0b3ASAAGGoKgHCBMUFRYaIVUkbnVsbNMJCgsMDxJXTlMua2V5c1pOUy5vYmplY3RzViRjbGFzc6INDoACgAOiEBGABIAFgAdccmVsYXRpdmVQYXRoWWFsaWFzRGF0YV8QM0JpYmxpb2dyYXBoeS9PcGVuU291cmNlU29mdHdhcmVRdWFsaXR5QXNzdXJhbmNlLnBkZtIXCxgZV05TLmRhdGFPEQIKAAAAAAIKAAIAAA1NYWNpbnRvc2ggU1NEAAAAAAAAAAAAAAAAAAAAAAAAQkQAAf////8fT3BlblNvdXJjZVNvZnR3YXJlI0ZGRkZGRkZGLnBkZgAAAAAAAAAAAAAAAAAAAAAAAAAAAAAAAAAAAAAAAAAA/////wAAAAAAAAAAAAAAAAABAAMAAAogY3UAAAAAAAAAAAAAAAAADEJpYmxpb2dyYXBoeQACAG4vOlVzZXJzOm5vYWhwZWV0ZXJzOkRvY3VtZW50czpFZHVjYXRpb246TkFLOk9wZW5Tb3VyY2U6c3JjOkJpYmxpb2dyYXBoeTpPcGVuU291cmNlU29mdHdhcmVRdWFsaXR5QXNzdXJhbmNlLnBkZgAOAE4AJgBPAHAAZQBuAFMAbwB1AHIAYwBlAFMAbwBmAHQAdwBhAHIAZQBRAHUAYQBsAGkAdAB5AEEAcwBzAHUAcgBhAG4AYwBlAC4AcABkAGYADwAcAA0ATQBhAGMAaQBuAHQAbwBzAGgAIABTAFMARAASAGxVc2Vycy9ub2FocGVldGVycy9Eb2N1bWVudHMvRWR1Y2F0aW9uL05BSy9PcGVuU291cmNlL3NyYy9CaWJsaW9ncmFwaHkvT3BlblNvdXJjZVNvZnR3YXJlUXVhbGl0eUFzc3VyYW5jZS5wZGYAEwABLwAAFQACABL//wAAgAbSGxwdHlokY2xhc3NuYW1lWCRjbGFzc2VzXU5TTXV0YWJsZURhdGGjHR8gVk5TRGF0YVhOU09iamVjdNIbHCIjXE5TRGljdGlvbmFyeaIiIF8QD05TS2V5ZWRBcmNoaXZlctEmJ1Ryb290gAEACAARABoAIwAtADIANwBAAEYATQBVAGAAZwBqAGwAbgBxAHMAdQB3AIQAjgDEAMkA0QLfAuEC5gLxAvoDCAMMAxMDHAMhAy4DMQNDA0YDSwAAAAAAAAIBAAAAAAAAACgAAAAAAAAAAAAAAAAAAANN}}

@techreport{oss:studie,
	Author = {Dr. St{\"u}rmer, Matthias and et al.},
	Date-Added = {2018-01-17 17:42:30 +0000},
	Date-Modified = {2018-01-17 18:01:35 +0000},
	Institution = {Forschungsstelle Digitale Nachhaltigkeit Institut f{\"u}r Wirtschaftsinformatik},
	Keywords = {OSS, Open Source},
	Title = {Open Source Studie Schweiz 2015},
	Year = {2015},
	Bdsk-File-1 = {YnBsaXN0MDDUAQIDBAUGJCVYJHZlcnNpb25YJG9iamVjdHNZJGFyY2hpdmVyVCR0b3ASAAGGoKgHCBMUFRYaIVUkbnVsbNMJCgsMDxJXTlMua2V5c1pOUy5vYmplY3RzViRjbGFzc6INDoACgAOiEBGABIAFgAdccmVsYXRpdmVQYXRoWWFsaWFzRGF0YV8QH0JpYmxpb2dyYXBoeS9PU1MtU3R1ZGllMjAxNS5wZGbSFwsYGVdOUy5kYXRhTxEBugAAAAABugACAAANTWFjaW50b3NoIFNTRAAAAAAAAAAAAAAAAAAAAAAAAEJEAAH/////Ek9TUy1TdHVkaWUyMDE1LnBkZgAAAAAAAAAAAAAAAAAAAAAAAAAAAAAAAAAAAAAAAAAAAAAAAAAAAAAAAAAAAP////8AAAAAAAAAAAAAAAAAAQADAAAKIGN1AAAAAAAAAAAAAAAAAAxCaWJsaW9ncmFwaHkAAgBaLzpVc2Vyczpub2FocGVldGVyczpEb2N1bWVudHM6RWR1Y2F0aW9uOk5BSzpPcGVuU291cmNlOnNyYzpCaWJsaW9ncmFwaHk6T1NTLVN0dWRpZTIwMTUucGRmAA4AJgASAE8AUwBTAC0AUwB0AHUAZABpAGUAMgAwADEANQAuAHAAZABmAA8AHAANAE0AYQBjAGkAbgB0AG8AcwBoACAAUwBTAEQAEgBYVXNlcnMvbm9haHBlZXRlcnMvRG9jdW1lbnRzL0VkdWNhdGlvbi9OQUsvT3BlblNvdXJjZS9zcmMvQmlibGlvZ3JhcGh5L09TUy1TdHVkaWUyMDE1LnBkZgATAAEvAAAVAAIAEv//AACABtIbHB0eWiRjbGFzc25hbWVYJGNsYXNzZXNdTlNNdXRhYmxlRGF0YaMdHyBWTlNEYXRhWE5TT2JqZWN00hscIiNcTlNEaWN0aW9uYXJ5oiIgXxAPTlNLZXllZEFyY2hpdmVy0SYnVHJvb3SAAQAIABEAGgAjAC0AMgA3AEAARgBNAFUAYABnAGoAbABuAHEAcwB1AHcAhACOALAAtQC9AnsCfQKCAo0ClgKkAqgCrwK4Ar0CygLNAt8C4gLnAAAAAAAAAgEAAAAAAAAAKAAAAAAAAAAAAAAAAAAAAuk=}}

@comment{BibDesk Smart Groups{
<?xml version="1.0" encoding="UTF-8"?>
<!DOCTYPE plist PUBLIC "-//Apple//DTD PLIST 1.0//EN" "http://www.apple.com/DTDs/PropertyList-1.0.dtd">
<plist version="1.0">
<array>
	<dict>
		<key>conditions</key>
		<array>
			<dict>
				<key>comparison</key>
				<integer>4</integer>
				<key>key</key>
				<string>Abstract</string>
				<key>value</key>
				<string></string>
				<key>version</key>
				<string>1</string>
			</dict>
		</array>
		<key>conjunction</key>
		<integer>0</integer>
		<key>group name</key>
		<string>Missing Abstract</string>
	</dict>
</array>
</plist>
}}
